@article{lorentz,
  Author = "{Ross Diener, Stephen Godfrey, Travis A.W. Martin}",
  Title = "{Using final state pseudorapidities to
            improve $s$-channel resonance observables at the LHC}",
  Year = "2009",
  journal = "Phys. Rev. D"
}

@article{COMframe,
  Author = "{Luc Blanchet, Bala R. Iyer}",
  Title = "{Third post-Newtonian dynamics of compact binaries:
            equations of motion in the centre-of-mass frame}",
  Year = "2002",
  journal = "IOP"
}

@misc{diphoton,
  Author = {J. Lorenzo Diaz-Cruz, Dilip Kumar Ghosh and Stefano Moretti},
  Title = {The di-photon signature of Higgs bosons in GMSB models at the LHC},
}

@misc{pythia,
  Author = {Torbj\"{o}rn Sj\"{o}strand; Stefan Ask; Jesper R. Christiansen; Richard Corke; Nishita Desai; Philip Ilten; Stephen Mrenna; Stefan Prestel; Christine O. Rasmussen; Peter Z. Skands},
  Title = {An Introduction to PYTHIA 8.2},
  howpublished = {\url{http://home.thep.lu.se/~torbjorn/Pythia.html}}
}

@article{Higgs,
  author = "The ATLAS Collaboration",
  title = "{Observation of a New Particle in the Search for the
            Standard Model Higgs Boson with the ATLAS Detector at the LHC}",
  year = "2012",
  journal = "arXiv"
}

@article{HiggsCross1,
    author         = "Dittmaier, S. and others",
    title          = "{Handbook of LHC Higgs Cross Sections: 1. Inclusive
                      Observables}",
    collaboration  = "LHC Higgs Cross Section Working Group",
    doi            = "10.5170/CERN-2011-002",
    year           = "2011",
    eprint         = "1101.0593",
    archivePrefix  = "arXiv",
    primaryClass   = "hep-ph",
    reportNumber   = "CERN-2011-002",
    journal        = "arXiv",
    SLACcitation   = "%%CITATION = ARXIV:1101.0593;%%",
}

@article{decaymodes1,
  author = "Thomas R. Junk",
  title = "REVIEW OF PHYSICS RESULTS FROM THE TEVATRON: HIGGS BOSON PHYSICS",
  year = "2015",
  journal = "arXiv"
}

@article{decaymodes2,
  author = "K. Nielsen",
  title = "Higgs boson decay into two photons in an electromagnetic background field",
  year = "2014",
  journal = "Phys. Rev. D"
}

@book{kinematics,
  author = "Cheuk-Yin Wong",
  title = "Introduction to High-Energy Heavy-Ion Collisions",
  publisher = "World Scientific",
  year = "1994"
}
